%% This BibTeX bibliography file was created using BibDesk.
%% http://bibdesk.sourceforge.net/


%% Created for Jonas Oesch at 2014-04-14 00:27:41 +0200 


%% Saved with string encoding Unicode (UTF-8) 



@webpage{zukunft-bildung,
	Annote = {Report on the situation and perspectives of the Swiss educational system.},
	Author = {Akademie der Wissenschaften Schweiz},
	Date-Added = {2014-04-13 22:25:53 +0000},
	Date-Modified = {2014-04-13 22:27:41 +0000},
	Lastchecked = {14.04.2014},
	Title = {Zukunft Bildung Schweiz},
	Url = { http://heig.ch/dejiwo}}

@webpage{oecd-pisa2009,
	Annote = {Current statistics on the education level in Switzerland compared to other countries.},
	Author = {ourtimes},
	Date-Added = {2014-04-13 22:22:58 +0000},
	Date-Modified = {2014-04-13 22:27:01 +0000},
	Lastchecked = {14.04.2014},
	Title = {OECD Education Rankings -- 2013 Update},
	Url = {http://ourtimes.wordpress.com/2008/04/10/oecd-education-rankings/#science}}

@book{bentley:1999,
	Address = {Boston, MA, USA},
	Annote = {Test},
	Author = {Jon Bentley},
	Date-Modified = {2014-04-13 18:04:23 +0000},
	Edition = {2nd},
	Publisher = {Addison--Wesley},
	Title = {{P}rogramming {P}earls},
	Year = {1999}}

@book{bringhurst:2002,
	Address = {Point Roberts, WA, USA},
	Author = {Robert Bringhurst},
	Publisher = {Hartley \& Marks Publishers},
	Series = {Version 3.2},
	Title = {{T}he {E}lements of {T}ypographic {S}tyle},
	Year = {2008}}

@book{cormen:2001,
	Address = {Cambridge, MA, USA},
	Author = {Cormen, Thomas H. and Leiserson, Charles E. and Rivest, Ronald L. and Clifford Stein},
	Edition = {2nd},
	Publisher = {The MIT Press},
	Title = {{I}ntroduction to {A}lgorithms},
	Year = {2001}}

@book{dueck:trio,
	Author = {Gunter Dueck},
	Note = {\url{http://www.omnisophie.com}},
	Publisher = {Springer, Berlin},
	Title = {{D}ueck's {T}rilogie: {O}mnisophie -- {S}upramanie -- {T}opothesie},
	Year = {2005}}

@article{knuth:1976,
	Address = {New York, NY, USA},
	Author = {Knuth, Donald E.},
	Journal = {SIGACT News},
	Month = {April/June},
	Number = {2},
	Pages = {18--24},
	Publisher = {ACM Press},
	Title = {{B}ig {O}micron and {B}ig {O}mega and {B}ig {T}heta},
	Volume = {8},
	Year = {1976}}

@article{knuth:1974,
	Address = {New York, NY, USA},
	Author = {Knuth, Donald E.},
	Journal = {Communications of the ACM},
	Month = {December},
	Number = {12},
	Pages = {667--673},
	Publisher = {ACM Press},
	Title = {{C}omputer {P}rogramming as an {A}rt},
	Volume = {17},
	Year = {1974}}

@book{sommerville:1992,
	Address = {Boston, MA, USA},
	Author = {Ian Sommerville},
	Date-Modified = {2014-04-13 18:04:10 +0000},
	Edition = {4th},
	Publisher = {Addison-Wesley},
	Title = {{S}oftware {E}ngineering},
	Year = {1992}}
